
@book{proakis2007,
  added-at = {2010-12-21T17:57:51.000+0100},
  author = {Proakis},
  biburl = {http://www.bibsonomy.org/bibtex/21063a317d5f001f93d8907c976b7ef5c/jabreftest},
  file = {:./eBooks/Digital Communications 5th Edition.pdf:PDF},
  interhash = {82ded60abc9c500235c8114f8d3727f8},
  intrahash = {1063a317d5f001f93d8907c976b7ef5c},
  keywords = {},
  publisher = {McGraw Hill},
  timestamp = {2010-12-21T17:57:51.000+0100},
  title = {Digital Communications 5th Edition},
  year = {2007},
}

@book{lathi2009,
  title={Modern Digital and Analog Communication Systems},
  author={Lathi, B.P. and Ding, Z.},
  isbn={9780195331455},
  lccn={2008029440},
  series={Oxford series in electrical and computer engineering},
  url={https://books.google.cz/books?id=dltNPwAACAAJ},
  year={2009},
  publisher={Oxford University Press},
}



@ARTICLE{anderson2013,
author={J. B. Anderson and F. Rusek and V. Owall},
journal={Proceedings of the IEEE},
title={Faster-Than-Nyquist Signaling},
year={2013},
volume={101},
number={8},
pages={1817-1830},
keywords={OFDM modulation;modulation coding;quadrature amplitude modulation;telecommunication signalling;FTN signaling;OFDM;QAM;Shannon capacity;communication theory;faster-than-Nyquist signaling;ordinary linear modulation;orthogonal frequency division multiplex;quadrature amplitude modulation;Bandwidth;Encoding;Error correction;OFDM;Quadrature amplitude modulation;Signal processing;Bandwidth-efficient coding;coded modulation;constrained capacities;faster than Nyquist (FTN);intersymbol interference (ISI)},
doi={10.1109/JPROC.2012.2233451},
ISSN={0018-9219},
month={Aug},}

@ARTICLE{liveris2003,
author={A. D. Liveris and C. N. Georghiades},
journal={IEEE Transactions on Communications},
title={Exploiting faster-than-Nyquist signaling},
year={2003},
volume={51},
number={9},
pages={1502-1511},
keywords={AWGN channels;codes;equalisers;interference suppression;intersymbol interference;iterative decoding;telecommunication signalling;AWGN channel;Euclidean distance;ISI cancellation;binary signaling;constrained coding;error events;faster-than-Nyquist signaling;interference cancellation;intersymbol interference;iterative decoding;iterative equalization;raised-cosine pulses;sinc pulses;turbo equalization;AWGN;Bandwidth;Bit rate;Communication systems;Constraint theory;Euclidean distance;Interference cancellation;Interference constraints;Intersymbol interference;Iterative decoding},
doi={10.1109/TCOMM.2003.816943},
ISSN={0090-6778},
month={Sept},}

@ARTICLE{mazo1975,
author={J. E. Mazo},
journal={The Bell System Technical Journal},
title={Faster-than-nyquist signaling},
year={1975},
volume={54},
number={8},
pages={1451-1462},
doi={10.1002/j.1538-7305.1975.tb02043.x},
ISSN={0005-8580},
month={Oct},}

@ARTICLE{mazo_landau1988,
author={J. E. Mazo and H. J. Landau},
journal={IEEE Transactions on Information Theory},
title={On the minimum distance problem for faster-than-Nyquist signaling},
year={1988},
volume={34},
number={6},
pages={1420-1427},
keywords={Nyquist criterion;information theory;intersymbol interference;signalling (telecommunication networks);telecommunication channels;Fourier approximation;faster-than-Nyquist signaling;ideal band-limiting channel;intersymbol interference;minimum distance problem;output sequences;uncoded binary sequences;Binary sequences;Data communication;Engineering profession;Error analysis;Gaussian noise;Immune system;Impedance;Intersymbol interference;Noise measurement;Retirement},
doi={10.1109/18.21281},
ISSN={0018-9448},
month={Nov},}

@ARTICLE{hajela1990,
author={D. Hajela},
journal={IEEE Transactions on Information Theory},
title={On computing the minimum distance for faster than Nyquist signaling},
year={1990},
volume={36},
number={2},
pages={289-295},
keywords={Nyquist criterion;information theory;intersymbol interference;signalling (telecommunication networks);telecommunication channels;Nyquist criterion;Nyquist signaling;binary data;ideal band-limited channel;intersymbol interference;minimum distance;pulse energy;pulse transmission rate;Bit error rate;Data communication;Degradation;Event detection;Information theory;Intersymbol interference;Maximum likelihood detection;Signal processing;Telephony;Upper bound},
doi={10.1109/18.52475},
ISSN={0018-9448},
month={Mar},}

@ARTICLE{yang2016,
author={Yang, Chun},
journal={Journal of The Institute of Navigation},
title={Sharpen the Correlation Peak: A Novel GNSS Receiver Architecture with Variable IF Correlation},
year={2016},
volume={63},
number={3},
pages={249-265},
ISSN={0028-1522},
month={Fall},}


@inproceedings{gemayel2014,
 author = {N. El. Gemayel and H. Jakel and F. K. Jondral},
 title = {Error Analysis of a Low Cost TDoA Sensor Network},
 booktitle = {Proceedings of IEEE/ION PLANS 201, Monterey, CA, USA, May, 2014},
 series = {C3S2E '12},
 year = {2014},
 isbn = {978-1-4503-1084-0},
 pages = {1140--1145},
 numpages = {6},
} 

